<?xml version="1.0" encoding="UTF-8"?><collection xmlns="http://www.loc.gov/MARC21/slim"><record><leader>00506nam--2200133-i-4500</leader><controlfield tag="001">000001295</controlfield><controlfield tag="002">20161230</controlfield><controlfield tag="005">20161230201024</controlfield><controlfield tag="008">060222s1000------------r-----000-0-eng-d</controlfield><datafield ind1=" " ind2=" " tag="080"><subfield code="a">621.316.35:331.0-2(498)331.0-2:621`.316.35(498</subfield></datafield><datafield ind1=" " ind2=" " tag="100"><subfield code="a">Golobov, V.N</subfield></datafield><datafield ind1=" " ind2=" " tag="245"><subfield code="a">Metode stahanoviste de montare a barelor in instalatiile electrice.traducere din lb.rusa. numai pentru documentare</subfield></datafield><datafield ind1=" " ind2=" " tag="260"><subfield code="a">Bucuresti, Edit. Energetica De Stat, 1954. 74p</subfield></datafield><datafield ind1=" " ind2=" " tag="490"><subfield code="a">Minist.Energiei Electrice Si Industriei Electrotehnice</subfield></datafield></record></collection>